% =============================================================================
% | Surveys and papers                                                        |
% =============================================================================


% -----------------------------------------------------------------------------
% Surveys and papers
% -----------------------------------------------------------------------------


% -----------------------------------------------------------------------------
% Books
% -----------------------------------------------------------------------------

@inproceedings{crypto-2001-1592,
  title={Two-Party Generation of DSA Signatures},
  booktitle={Advances in Cryptology - CRYPTO 2001, 21st Annual International Cryptology Conference, Santa Barbara, California, USA, August 19-23, 2001, Proceedings},
  series={Lecture Notes in Computer Science},
  publisher={Springer},
  volume={2139},
  pages={137-154},
  doi={10.1007/3-540-44647-8_8},
  author={Philip D. MacKenzie and Michael K. Reiter},
  year=2001
}

@inproceedings{DBLP:conf/acns/GennaroGN16,
  author    = {Rosario Gennaro and
               Steven Goldfeder and
               Arvind Narayanan},
  title     = {Threshold-Optimal {DSA/ECDSA} Signatures and an Application to Bitcoin
               Wallet Security},
  booktitle = {Applied Cryptography and Network Security - 14th International Conference,
               {ACNS} 2016, Guildford, UK, June 19-22, 2016. Proceedings},
  pages     = {156--174},
  year      = {2016},
  crossref  = {DBLP:conf/acns/2016},
  url       = {https://doi.org/10.1007/978-3-319-39555-5_9},
  doi       = {10.1007/978-3-319-39555-5_9},
  timestamp = {Tue, 23 May 2017 01:13:09 +0200},
  biburl    = {http://dblp.org/rec/bib/conf/acns/GennaroGN16},
  bibsource = {dblp computer science bibliography, http://dblp.org}
}

@inproceedings{Paillier:1999:PCB:1756123.1756146,
 author = {Paillier, Pascal},
 title = {Public-key Cryptosystems Based on Composite Degree Residuosity Classes},
 booktitle = {Proceedings of the 17th International Conference on Theory and Application of Cryptographic Techniques},
 series = {EUROCRYPT'99},
 year = {1999},
 isbn = {3-540-65889-0},
 location = {Prague, Czech Republic},
 pages = {223--238},
 numpages = {16},
 url = {http://dl.acm.org/citation.cfm?id=1756123.1756146},
 acmid = {1756146},
 publisher = {Springer-Verlag},
 address = {Berlin, Heidelberg},
}

@inproceedings{Goldfeder2015SecuringBW,
  title={Securing Bitcoin wallets via a new DSA/ECDSA threshold signature scheme},
  author={Steven Goldfeder and Rosario Gennaro and Harry Kalodner and Joseph Bonneau and Joshua A. Kroll and Edward W. Felten and Arvind Narayanan},
  year={2015}
}

@inproceedings{Bellare:1993:ROP:168588.168596,
 author = {Bellare, Mihir and Rogaway, Phillip},
 title = {Random Oracles Are Practical: A Paradigm for Designing Efficient Protocols},
 booktitle = {Proceedings of the 1st ACM Conference on Computer and Communications Security},
 series = {CCS '93},
 year = {1993},
 isbn = {0-89791-629-8},
 location = {Fairfax, Virginia, USA},
 pages = {62--73},
 numpages = {12},
 url = {http://doi.acm.org/10.1145/168588.168596},
 doi = {10.1145/168588.168596},
 acmid = {168596},
 publisher = {ACM},
 address = {New York, NY, USA},
}

% -----------------------------------------------------------------------------
% Blog articles
% -----------------------------------------------------------------------------



% -----------------------------------------------------------------------------
% Websites
% -----------------------------------------------------------------------------

@online{HDWallets,
  author = {Pieter Wuille},
  title = {Hierarchical Deterministic Wallets},
  year = 2012,
  url = {https://github.com/bitcoin/bips/blob/master/bip-0032.mediawiki},
  urldate = {2017-02-24}
}
